<collection xmlns="http://www.loc.gov/MARC21/slim"><record><leader>00612nam  2200181   450</leader><controlfield tag="001">422</controlfield><controlfield tag="003">http://montalegre.opacnet.com/OPAC/default.aspx?ContentAreaControl=ShowRegHoldings.ascx&amp;RegNo=16662</controlfield><datafield tag="100" ind1=" " ind2=" "><subfield code="a">20061013d1970    km y0pory010305  ba</subfield></datafield><datafield tag="101" ind1="1" ind2=" "><subfield code="a">por</subfield><subfield code="c">rus</subfield></datafield><datafield tag="102" ind1=" " ind2=" "><subfield code="a">PT</subfield></datafield><datafield tag="200" ind1="1" ind2=" "><subfield code="a">&lt;Uma &gt;vida inútil</subfield><subfield code="e">e outros contos</subfield><subfield code="f">Gorki</subfield><subfield code="g">[trad. de Egito Gonçalves]</subfield></datafield><datafield tag="210" ind1=" " ind2=" "><subfield code="a">[Porto]</subfield><subfield code="c">Inova</subfield><subfield code="d">cop. 1970</subfield></datafield><datafield tag="215" ind1=" " ind2=" "><subfield code="a">305 p.</subfield><subfield code="d">23 cm</subfield></datafield><datafield tag="225" ind1="2" ind2=" "><subfield code="a">Obras completas</subfield><subfield code="v">4</subfield></datafield><datafield tag="675" ind1=" " ind2=" "><subfield code="a">821</subfield><subfield code="v">bn</subfield><subfield code="z">por</subfield></datafield><datafield tag="700" ind1=" " ind2="1"><subfield code="a">Gorki</subfield><subfield code="b">Máximo</subfield><subfield code="c">pseud.</subfield><subfield code="f">1868-1936</subfield></datafield><datafield tag="801" ind1=" " ind2="0"><subfield code="a">PT</subfield><subfield code="b">Biblioteca Municipal de Montalegre</subfield><subfield code="g">RPC</subfield></datafield><datafield tag="856" ind1=" " ind2=" "><subfield code="u">locateMedia.asp?cod=20060516150703&amp;ext=jpg</subfield><subfield code="z">CAPA</subfield></datafield><datafield tag="909" ind1="&#9;" ind2=" "><subfield code="a">1</subfield></datafield><datafield tag="966" ind1=" " ind2=" "><subfield code="a">0008547</subfield><subfield code="l">BMM</subfield><subfield code="s">SCG 821 GOR vid 4</subfield></datafield></record></collection>